<record><leader>00000cas a22000007a 4500</leader><controlfield tag="001">12957392</controlfield><controlfield tag="008">851227d19671971wiucr ne      0    0eng d</controlfield><datafield ind1=" " ind2=" " tag="010"><subfield code="a">sn 85041606 </subfield></datafield><datafield ind1=" " ind2=" " tag="040"><subfield code="a">NPV</subfield><subfield code="b">eng</subfield><subfield code="c">NPV</subfield><subfield code="d">OCLCQ</subfield></datafield><datafield ind1=" " ind2=" " tag="042"><subfield code="a">msc</subfield></datafield><datafield ind1=" " ind2=" " tag="045"><subfield code="a">x6x7</subfield></datafield><datafield ind1=" " ind2=" " tag="052"><subfield code="a">4123</subfield><subfield code="b">W8</subfield></datafield><datafield ind1="0" ind2="4" tag="245"><subfield code="a">The Paper for central Wisconsin.</subfield></datafield><datafield ind1="1" ind2="7" tag="246"><subfield code="a">Paper</subfield></datafield><datafield ind1=" " ind2=" " tag="260"><subfield code="a">Oshkosh, Wis. :</subfield><subfield code="b">Miles Kimball Co.,</subfield><subfield code="c">1967-1971.</subfield></datafield><datafield ind1=" " ind2=" " tag="300"><subfield code="a">4 v. :</subfield><subfield code="b">ill.</subfield></datafield><datafield ind1=" " ind2=" " tag="310"><subfield code="a">Semiweekly</subfield></datafield><datafield ind1=" " ind2=" " tag="321"><subfield code="a">Daily (except Sun.),</subfield><subfield code="b">Nov. 2, 1967-Aug. 15-16, 1970</subfield></datafield><datafield ind1="0" ind2=" " tag="362"><subfield code="a">Vol. 1, no. 22 (Nov. 2, 1967)-v. 4, no. 41 (Mar. 7, 1971).</subfield></datafield><datafield ind1=" " ind2=" " tag="500"><subfield code="a">Publisher varies.</subfield></datafield><datafield ind1=" " ind2=" " tag="500"><subfield code="a">Editors: A. Ekvall, Nov. 2-Dec. 30, 1967; D.H. Schoelkopf, Jan. 2, 1968-April 28, 1970; R. Moucha, May 12-Aug. 15-16, 1970; M. Hinderaker &amp; J. Miner, &lt;Aug. 23, 1970&gt;-March 7, 1971.</subfield></datafield><datafield ind1=" " ind2=" " tag="530"><subfield code="a">Available on microfilm from The State Historical Society of Wisconsin.</subfield></datafield><datafield ind1=" " ind2=" " tag="752"><subfield code="a">United States</subfield><subfield code="b">Wisconsin</subfield><subfield code="c">Winnebago</subfield><subfield code="d">Oshkosh.</subfield></datafield><datafield ind1="0" ind2="0" tag="780"><subfield code="t">Paper for Oshkosh</subfield><subfield code="w">(DLC)sn 85041605</subfield></datafield><datafield ind1="1" ind2=" " tag="029"><subfield code="a">AU@</subfield><subfield code="b">000025816794</subfield></datafield></record>